@article{RefWorks:doc:5fa64225e4b094c61bb138f2,
	author={Robert J. Shiller},
	year={2014},
	title={Speculative Asset Prices},
	journal={The American Economic Review},
	volume={104},
	number={6},
	pages={1486-1517},
	note={ID: proquest1529182992},
	isbn={0002-8282},
	doi={10.1257/aer.104.6.1486}
}
@article{RefWorks:doc:5fa504d7e4b035e8035b7990,
	author={Ioannis Karamitsos and Maria Papadaki and Nedaa Baker Al Barghuthi},
	year={2018},
	title={Design of the Blockchain Smart Contract: A Use Case for Real Estate},
	journal={Journal of Information Security},
	volume={09},
	number={03},
	pages={177-190},
	note={ID: crossref10.4236/jis.2018.93013},
	isbn={2153-1234},
	doi={10.4236/jis.2018.93013}
}
@book{RefWorks:doc:5fa4c316e4b0e028cce8db41,
	author={有一郎 川口},
	year={2013},
	title={不動産エコノミクス　資産価格の７つの謎と住宅価格指数},
	publisher={清文社}
}
@articl{RefWorks:doc:5fa4bedfe4b0e028cce8d973,
	author={斉藤 賢爾},
	year={2017},
	title={スマートコントラクトによる土地売買を考える(特集 不動産テックの動向)},
	journal={土地総合研究},
	volume={25},
	number={3},
	pages={18-24},
	note={ID: nichigai_sZ028524256},
	isbn={1343-6600}
}
@article{RefWorks:doc:5fa4bb5fe4b0fb6593bb7a15,
	author={知念 祐一郎 チネン ユウイチロウ and 芦澤 奈実 アシザワ ナミ},
	year={2020},
	title={スマートコントラクト : ブロックチェーンからなるプログラミングプラットホーム},
	journal={B-plus : 電子情報通信学会通信ソサイエティマガジン; スマートコントラクト : ブロックチェーン カラ ナル プログラミングプラットホーム},
	number={53},
	pages={26-33},
	note={ID: ndljpoai:iss.ndl.go.jp:R000000004-I030486541-00},
	isbn={1884-4863}
}
@article{RefWorks:doc:5fa0f745e4b0978f02443878,
	author={藤澤 美恵子 フジサワ ミエコ and 中西 正彦 ナカニシ マサヒコ},
	year={2004},
	title={住宅性能表示制度が分譲マンション価格に与える影響と役割},
	journal={都市住宅学 / 都市住宅学会編集委員会 編; ジュウタク セイノウ ヒョウジ セイド ガ ブンジョウ マンション カカク ニ アタエル エイキョウ ト ヤクワリ},
	number={47},
	pages={83-88},
	note={ID: ndljpoai:iss.ndl.go.jp:R000000004-I7139226-00},
	isbn={1341-8157}
}
@article{RefWorks:doc:5fa0f188e4b029c530ab45b7,
	author={美恵子 藤澤},
	year={2016},
	title={既存住宅市場における質の情報開示量と価格に関する実験},
	journal={行動経済学 = Journal of Behavioral Economics and Finance},
	volume={9},
	number={0},
	pages={1-11},
	note={ID: nii_soai_irdb_nii_ac_jp_01288_0000244898},
	abstract={本研究の目的は，既存住宅市場が拡充するために必要な情報開示について提言することである．そのために，本研究は，情報の非対称性のある既存住宅市場における住宅の質の情報の開示と均衡価格に関する理論モデルを構築した．理論モデルと実験経済学の手法によるデータを比較し，売出価格や成約価格および成約率について分析する． 理論上は，情報が開示されると完全ベイジアン均衡は分離均衡となるが，一部でも情報が開示されないと一括均衡が存在する．実験においても同様な結果が得られた．一方，実験の成約価格は，理論価格よりも低い価格で成約しており，売主は必ずしも利益を最大化していない．情報開示量は，成約数と正の相関があり，成約価格や売主の売出価格の決定に影響を与えている．以上より，売主と買主の両者に公正な利益をもたらす規範的な情報開示は，理論ばかりでなく実験においても完全情報であるとの知見を得た． This study aims to provide a proposal for the disclosure of information necessary for expanding the existing housing market. The study uses a theoretical model of information disclosure for housing quality and equilibrium prices in the existing housing market in which there is information asymmetry. The theoretical model is compared to the data from an experimental economics method and this study analyzes the offering price, contract price, and contract rate. In theory, a perfect Bayesian equilibrium becomes a separating equilibrium when there is information disclosure. However, if any part of the...},
	isbn={2185-3568},
	doi={10.11167/jbef.9.1}
}
@article{RefWorks:doc:5f99642ae4b0097f1b9ce1fe,
	author={Antonio Merlo and François Ortalo-Magné},
	year={2004},
	title={Bargaining over residential real estate: evidence from England},
	journal={Journal of Urban Economics},
	volume={56},
	number={2},
	pages={192-216},
	note={ID: elsevier_sdoi_10_1016_j_jue_2004_05_004},
	abstract={This paper presents a new data set of individual residential property transactions in England. The main novelty of the data is the record of all listing price changes and all offers made between initial listing and sale agreement. We establish a number of stylized facts pertaining to the sequence of events that occur within individual property transaction histories. We assess the limitations of existing theories in explaining the data and discuss alternative theoretical frameworks for the study of the strategic interactions between buyers and sellers.},
	isbn={0094-1190},
	doi={10.1016/j.jue.2004.05.004}
}
@article{RefWorks:doc:5f8047dae4b0d2773bea8e25,
	author={Darrell Duffie and Nicolae Gârleanu and Lasse Heje Pedersen},
	year={2005},
	title={Over‐the‐Counter Markets},
	journal={Econometrica},
	volume={73},
	number={6},
	pages={1815-1847},
	note={ID: wj10.1111/j.1468-0262.2005.00639.x},
	abstract={We study how intermediation and asset prices in over‐the‐counter markets are affected by illiquidity associated with search and bargaining. We compute explicitly the prices at which investors trade with each other, as well as marketmakers' bid and ask prices, in a dynamic model with strategic agents. Bid–ask spreads are lower if investors can more easily find other investors or have easier access to multiple marketmakers. With a monopolistic marketmaker, bid–ask spreads are higher if investors have easier access to the marketmaker. We characterize endogenous search and welfare, and discuss empirical implications.},
	isbn={0012-9682},
	doi={10.1111/j.1468-0262.2005.00639.x}
}
@article{RefWorks:doc:5f804515e4b09ea1a0a0ecd3,
	author={Ariel Rubinstein and Asher Wolinsky},
	year={1985},
	title={Equilibrium in a market with sequential bargaining},
	journal={Econometrica},
	volume={53},
	number={5},
	pages={1133-1150},
	note={ID: proquest839203852},
	isbn={0012-9682},
	doi={10.2307/1911015}
}
@article{RefWorks:doc:5f771e0be4b0c33e372a796f,
	author={原野 啓 and 中川 雅之 and 清水 千弘},
	year={2012},
	title={中古住宅市場における情報の非対称性がリフォーム住宅価格に及ぼす影響},
	journal={日本経済研究; チュウコ ジュウタク シジョウ ニ オケル ジョウホウ ノ ヒタイショウセイ ガ リフォーム ジュウタク カカク ニ オヨボス エイキョウ},
	number={66},
	pages={51-71},
	note={ID: ndljpoai:iss.ndl.go.jp:R000000004-I023466922-00},
	isbn={0285-5925}
}
@book{RefWorks:doc:5f771d83e4b0538dabd4f3c5,
	author={福 寿 山崎},
	year={2014},
	title={日本の都市のなにが問題か / 山崎福寿著},
	publisher={NTT出版},
	address={東京},
	note={文献: p. 239-240; ID: alma991002762319704032},
	isbn={9784757123212}
}
@article{RefWorks:doc:5f76e019e4b0456659d8fa8a,
	author={Darrell Duffie and Nicolae Gârleanu and Lasse Heje Pedersen},
	year={2007},
	title={Valuation in Over-the-Counter Markets},
	journal={The Review of Financial Studies},
	volume={20},
	number={6},
	pages={1865-1900},
	note={ID: oxford10.1093/rfs/hhm037},
	abstract={We provide the impact on asset prices of search-and-bargaining frictions in over-the-counter markets. Under certain conditions, illiquidity discounts are higher when counterparties are harder to find, when sellers have less bargaining power, when the fraction of qualified owners is smaller, or when risk aversion, volatility, or hedging demand is larger. Supply shocks cause prices to jump, and then “recover” over time, with a time signature that is exaggerated by search frictions: The price jump is larger and the recovery is slower in less liquid markets. We discuss a variety of empirical implications.},
	isbn={0893-9454},
	doi={10.1093/rfs/hhm037}
}
